%% This BibTeX bibliography file was created using BibDesk.
%% http://bibdesk.sourceforge.net/

%% Created for Blake Barker at 2019-01-02 16:55:10 -0500 


%% Saved with string encoding Unicode (UTF-8) 


%% euler vs lagrange https://arxiv.org/pdf/1707.01938.pdf
%% profile ref https://arxiv.org/pdf/1603.03955.pdf
%% old BMZ draft https://arxiv.org/pdf/1901.09153.pdf
% henrich https://www-sciencedirect-com.erl.lib.byu.edu/science/article/pii/S0167278908002728  On the viscous and inviscid stability of magnetohydrodynamic shock waves
%% turkish thesis https://www.numa.uni-linz.ac.at/Teaching/Bachelor/schafelner-bakk.pdf
%% energy estimate example https://arxiv.org/pdf/0705.4237.pdf

@article{gd1,
	Author = {Michele Benzi and Maxim Olshanskii},
	Doi = {10.1137/050646421},
	Journal = {SIAM Journal of Scientific Computing},
	Number = {6},
	Pages = {2095–2113},
	Publisher = {SIAM},
	Title = {An Augmented Lagrangian‐Based Approach to the Oseen Problem},
	Volume = {28},
	Year = {2006}}

@phdthesis{gd2,
	Author = {Timo Heister},
	School = {Georg-August-Universitat Gottingen},
	Title = {A Massively Parallel Finite Element Framework with Application to Incompressible Flows},
	Year = {2011}}

@article{gd3,
	Author = {Timo Heister and Gerd Rapin},
	Doi = {10.1002/fld.3654},
	Journal = {INTERNATIONAL JOURNAL FOR NUMERICAL METHODS IN FLUIDS},
	Pages = {118–134},
	Publisher = { Wiley Online Library},
	Title = {Efficient augmented Lagrangian-type preconditioning for the Oseen problem using Grad-Div stabilization},
	Volume = {71},
	Year = {2013}}

@article{projection,
	Author = {Jie Shen},
	Doi = {10.1002/fld.3654},
	Journal = {Appl. Math. Lett},
	Pages = {35-37},
	Publisher = {Pergamon Press plc},
	Title = {PROJECTION METHODS FOR TIME-DEPENDENT NAVIER-STOKES EQUATIONS },
	Volume = {5},
    Number = {1},
	Year = {1992}}

@article{rotational,
	Author = {J L GUERMOND AND JIE SHEN},
	Journal = {MATHEMATICS OF COMPUTATION},
    Number = {248},
	Pages = {1719–1737},
	Publisher = { American Mathematical Society},
	Title = {ON THE ERROR ESTIMATES FOR THE ROTATIONAL PRESSURE-CORRECTION PROJECTION METHODS},
	Volume = {73},
    Month = {December},
	Year = {2003}}

@article{timmerman,
	Author = {L J I TIMMERMANS and P D MINEV AND F N VAN DE VOSSE},
	Journal = {INTERNATIONAL JOURNAL FOR NUMERICAL METHODS IN FLUIDS},
	Pages = {673-688},
	Publisher = {John Wiley and Sons, Ltd.},
	Title = {AN  APPROXIMATE PROJECTION  SCHEME  FOR INCOMPRESSIBLE FLOW USING SPECTRAL  ELEMENTS},
	Volume = {22},
    Month = {May},
	Year = {1996}}

@article{Z4,
	Author = {Kevin Zumbrun},
	Date-Added = {2019-01-02 16:29:19 -0500},
	Date-Modified = {2019-01-02 16:30:57 -0500},
	Doi = {10.1090/s0033-569x-2010-01209-1},
	Journal = {Quarterly of Applied Mathematics},
	Month = {May},
	Number = {3},
	Pages = {557--561},
	Publisher = {American Mathematical Society ({AMS})},
	Title = {A local greedy algorithm and higher-order extensions for global numerical continuation of analytically varying subspaces},
	Url = {https://doi.org/10.1090/s0033-569x-2010-01209-1},
	Volume = {68},
	Year = {2010},
	Bdsk-Url-1 = {https://doi.org/10.1090/s0033-569x-2010-01209-1}}

@article{HLyZ2,
	Author = {Jeffrey Humpherys and Gregory Lyng and Kevin Zumbrun},
	Date-Added = {2019-01-02 16:23:40 -0500},
	Date-Modified = {2019-01-02 16:25:09 -0500},
	Doi = {10.1007/s00205-017-1147-7},
	Journal = {Archive for Rational Mechanics and Analysis},
	Month = {Jul},
	Number = {3},
	Pages = {923--973},
	Publisher = {Springer Nature},
	Title = {Multidimensional Stability of Large-Amplitude {N}avier{\textendash}{S}tokes Shocks},
	Url = {https://doi.org/10.1007/s00205-017-1147-7},
	Volume = {226},
	Year = {2017},
	Bdsk-Url-1 = {https://doi.org/10.1007/s00205-017-1147-7}}

@article{FrKSch,
	Author = {Heinrich Freist\"{u}hler and Felix Kleber and Johannes Schropp},
	Date-Added = {2019-01-02 15:55:14 -0500},
	Date-Modified = {2019-01-02 16:14:41 -0500},
	Doi = {10.1016/j.physd.2017.07.005},
	Journal = {Physica D: Nonlinear Phenomena},
	Month = {Nov},
	Pages = {25--32},
	Publisher = {Elsevier {BV}},
	Title = {Emergence of unstable modes for classical shock waves in isothermal ideal {MHD}},
	Url = {https://doi.org/10.1016/j.physd.2017.07.005},
	Volume = {358},
	Year = {2017},
	Bdsk-Url-1 = {https://doi.org/10.1016/j.physd.2017.07.005}}

@article{Majd1983,
	Author = {Andrew Majda},
	Date-Added = {2019-01-02 15:36:15 -0500},
	Date-Modified = {2019-01-02 15:36:15 -0500},
	Journal = {Mem. Amer. Math. Soc.},
	Number = {281},
	Owner = {blake},
	Timestamp = {2016.11.09},
	Title = {The existence of multi-dimensional shock fronts},
	Volume = {41},
	Year = {1983}}

@article{BHLyZ2,
	Author = {Blake Barker and Jeffrey Humpherys and Gregory Lyng and Kevin Zumbrun},
	Date-Added = {2019-01-02 15:33:47 -0500},
	Date-Modified = {2019-01-02 16:36:34 -0500},
	Doi = {10.1137/17m113770x},
	Journal = {{SIAM} Journal on Applied Dynamical Systems},
	Month = {Jan},
	Number = {2},
	Pages = {1766--1785},
	Publisher = {Society for Industrial {\&} Applied Mathematics ({SIAM})},
	Title = {Euler Versus {L}agrange: The Role of Coordinates in Practical {E}vans-Function Computations},
	Url = {https://doi.org/10.1137/17m113770x},
	Volume = {17},
	Year = {2018},
	Bdsk-Url-1 = {https://doi.org/10.1137/17m113770x}}

@article{BHLyZ1,
	Author = {Blake Barker and Jeffrey Humpherys and Gregory Lyng and Kevin Zumbrun},
	Date-Added = {2019-01-02 15:21:05 -0500},
	Date-Modified = {2019-01-02 16:35:13 -0500},
	Doi = {10.1090/qam/1492},
	Journal = {Quarterly of Applied Mathematics},
	Month = {Oct},
	Number = {3},
	Pages = {531--545},
	Publisher = {American Mathematical Society ({AMS})},
	Title = {Balanced flux formulations for multidimensional {E}vans-function computations for viscous shocks},
	Url = {https://doi.org/10.1090/qam/1492},
	Volume = {76},
	Year = {2017},
	Bdsk-Url-1 = {https://doi.org/10.1090/qam/1492}}

@unpublished{STABLAB,
	Author = {Barker, Blake and Humpherys, Jeffrey and Lytle, Joshua and Zumbrun, Kevin},
	Date-Added = {2019-01-02 15:04:08 -0500},
	Date-Modified = {2019-01-02 16:44:56 -0500},
	Note = {\href{https://github.com/nonlinear-waves/stablab.git}{https://github.com/nonlinear-waves/stablab.git}},
	Title = {{STABLAB}: A {MATLAB}-based numerical library for {E}vans function computation}}

@article{Bronski,
	Author = {Bronski, J.C.},
	Date-Modified = {2019-01-02 15:51:22 -0500},
	Journal = {Physica D},
	Pages = {376--397},
	Title = {Semiclassical eigenvalue distribution of the {Z}akharov-{S}habat eigenvalue problem},
	Volume = {97},
	Year = {1996}}

@article{Dafermos-involution,
	Author = {Dafermos, Constantine M.},
	Date-Added = {2018-06-04 19:52:17 +0000},
	Date-Modified = {2018-06-05 14:50:19 +0000},
	Doi = {10.1007/BF00280911},
	Fjournal = {Archive for Rational Mechanics and Analysis},
	Issn = {0003-9527},
	Journal = {Arch. Rational Mech. Anal.},
	Mrclass = {35L65 (73G05)},
	Mrnumber = {846895},
	Mrreviewer = {Reza Malek-Madani},
	Number = {4},
	Pages = {373--389},
	Title = {Quasilinear hyperbolic systems with involutions},
	Url = {https://doi.org/10.1007/BF00280911},
	Volume = {94},
	Year = {1986},
	Bdsk-Url-1 = {https://doi.org/10.1007/BF00280911}}

@article{MR2448741,
	Author = {Sylvie Benzoni-Gavage and Denis Serre and Kevin Zumbrun},
	Date-Added = {2018-06-01 17:34:32 +0000},
	Date-Modified = {2018-06-01 17:34:47 +0000},
	Doi = {10.4171/zaa/1361},
	Journal = {Zeitschrift f\"{u}r Analysis und ihre Anwendungen},
	Pages = {381--406},
	Publisher = {European Mathematical Publishing House},
	Title = {Transition to Instability of Planar Viscous Shock Fronts: the Refined Stability Condition},
	Url = {https://doi.org/10.4171/zaa/1361},
	Year = {2008},
	Bdsk-Url-1 = {https://doi.org/10.4171/zaa/1361}}

@article{MR2644683,
	Author = {Zumbrun, Kevin},
	Date-Added = {2018-06-01 17:30:15 +0000},
	Date-Modified = {2018-06-01 17:30:15 +0000},
	Doi = {10.1016/j.physd.2010.03.006},
	Fjournal = {Physica D. Nonlinear Phenomena},
	Issn = {0167-2789},
	Journal = {Phys. D},
	Mrclass = {35L65 (35B10 35B25 35B35 35L67 37N10 76L05)},
	Mrnumber = {2644683},
	Mrreviewer = {Philippe G. LeFloch},
	Number = {13},
	Pages = {1180--1187},
	Title = {The refined inviscid stability condition and cellular instability of viscous shock waves},
	Url = {https://doi.org/10.1016/j.physd.2010.03.006},
	Volume = {239},
	Year = {2010},
	Bdsk-Url-1 = {https://doi.org/10.1016/j.physd.2010.03.006}}

@article{AGJ,
	Author = {Alexander, J. and Gardner, R. and Jones, C.},
	Coden = {JRMAA8},
	Date-Modified = {2008-11-11 23:08:56 -0700},
	Fjournal = {Journal f{\"}ur die Reine und Angewandte Mathematik},
	Issn = {0075-4102},
	Journal = {J. Reine Angew. Math.},
	Mrclass = {58D25 (35B35 35K57 58C40)},
	Mrnumber = {92d:58028},
	Mrreviewer = {Norman Dancer},
	Pages = {167--212},
	Title = {A topological invariant arising in the stability analysis of travelling waves},
	Volume = {410},
	Year = {1990}}

@article{AS,
	Author = {Alexander, J. C. and Sachs, R.},
	Coden = {NNWRER},
	Fjournal = {Nonlinear World},
	Issn = {0942-5608},
	Journal = {Nonlinear World},
	Mrclass = {35Q53 (34-04 34C99 34D99 35B35)},
	Mrnumber = {96h:35172},
	Number = {4},
	Pages = {471--507},
	Title = {Linear instability of solitary waves of a {B}oussinesq-type equation: a computer assisted computation},
	Volume = {2},
	Year = {1995}}

@book{A,
	Author = {Anderson, J. E.},
	Publisher = {MIT Press},
	Title = {Magnetohydrodynamic shock waves},
	Year = {1963}}

@book{Ba,
	Address = {Cambridge},
	Author = {Batchelor, G. K.},
	Edition = {paperback},
	Isbn = {0-521-66396-2},
	Mrclass = {76-01},
	Mrnumber = {MR1744638 (2000j:76001)},
	Pages = {xviii+615},
	Publisher = {Cambridge University Press},
	Series = {Cambridge Mathematical Library},
	Title = {An introduction to fluid dynamics},
	Year = {1999}}

@article{BN,
	Author = {Bar, Doron E. and Nepomnyashchy, Alexander A.},
	Journal = {Physica D.},
	Page = {586--602},
	Title = {Stability of periodic waves governed by the modified Kawahara equation},
	Volume = {86},
	Year = {1995}}

@article{Bas,
	Author = {Basu, N. K.},
	Journal = {SIAM Journal on Numerical Analysis},
	Number = {3},
	Pages = {496--505},
	Title = {On Double Chebyshev Series Approximation},
	Volume = {10},
	Year = {1973}}

@article{BaLeZ,
	Author = {Barker, Blake and Lewicka, Marta and Zumbrun, Kevin},
	Journal = {Arch. Ration. Mech. Anal.},
	Number = {2},
	Pages = {491--532},
	Title = {Existence and stability of viscoelastic shock profiles},
	Volume = {200},
	Year = {2011}}

@article{BaLZ2,
	Author = {Barker, Blake and Lafitte, Olivier and Zumbrun, Kevin},
	Journal = {Acta Mathematica Scientia},
	Number = {2},
	Pages = {447--479},
	Title = {Existence and stability of viscous shock profiles for 2-D isentropic MHD with infinite electrical resistivity},
	Volume = {30},
	Year = {2010}}

@article{BHZ1,
	Author = {Barker, Blake and Humpherys, Jeffrey and Zumbrun, Kevin},
	Journal = {Journal of Differential Equations},
	Number = {9},
	Pages = {2175--2213},
	Title = {One-dimensional stability of parallel shock layers in isentropic magnetohydrodynamics},
	Volume = {249},
	Year = {2010}}

@unpublished{BBCL,
	Author = {Bloom, T. and Bos, L. P. and Calvi,J.-P. and Levenberg, N.},
	Note = {http://arxiv.org/pdf/1111.6418v1.pdf},
	Title = {Polynomial interpolation and approximation in $\C^d$}}

@unpublished{BMZ,
	Author = {Barker, Blake and Monteiro, Rafael and Zumbrun, Kevin},
	Note = {http://arxiv.org/pdf/1901.09153.pdf},
    Title = {Transverse bifurcation of viscous slow {MHD} shocks}}

@unpublished{Bdoc,
	Author = {Barker, Blake},
	Note = {http://arxiv.org/archive/math},
	Title = {STABLAB Documentation for KdV : Numerical proof of stability of roll waves in the small-amplitude limit for inclined thin film flow}}

@article{BFZ,
	Author = {Barker, Blake and Freist{\"u}hler, Heinrich and Zumbrun, Kevin},
	Date-Modified = {2019-01-02 16:33:15 -0500},
	Doi = {10.1007/s00205-014-0838-6},
	Journal = {Arch. Rational Mech. Anal.},
	Title = {Convex entropy, {H}opf bifurcation, and viscous and inviscid shock stability},
	Year = {2015},
	Bdsk-Url-1 = {http://dx.doi.org/10.1007/s00205-014-0838-6}}

@article{BHLZ,
	Author = {Barker, Blake and Humpherys, Jeffrey and Lyng, Gregory D. and Zumbrun, Kevin},
	Journal = {SIAM Journal on Applied Mathematics},
	Title = {Viscous hyperstabilization of detonation waves in one space dimension},
	Year = {2015}}

@unpublished{BHZ,
	Author = {Barker, Blake and Humpherys, Jeffrey and Zumbrun, Kevin},
	Note = {http://impact.byu.edu/stablab/},
	Title = {STABLAB: A MATLAB-based numerical library for {E}vans function computation}}

@article{BHRZ,
	Author = {Barker, Blake and Humpherys, Jeffrey and Rudd, Keith and Zumbrun, Kevin},
	Coden = {CMPHAY},
	Date-Added = {2008-11-11 20:01:46 -0700},
	Date-Modified = {2008-11-11 23:08:56 -0700},
	Fjournal = {Communications in Mathematical Physics},
	Issn = {0010-3616},
	Journal = {Comm. Math. Phys.},
	Mrclass = {35L65 (35B35 35L67 76L05 76N15)},
	Mrnumber = {MR2403609},
	Number = {1},
	Pages = {231--249},
	Title = {Stability of viscous shocks in isentropic gas dynamics},
	Volume = {281},
	Year = {2008}}

@article{BJNRZ0,
	Author = {Barker, Blake and Johnson, Mathew A. and Noble, Pascal and Rodrigues, L. Miguel},
	Journal = {Applied Math. Letters},
	Number = {5},
	Pages = {824--829},
	Title = {Stability of Periodic Kuramoto-Sivashinsky Waves},
	Volume = {25},
	Year = {2012}}

@article{BJNRZ1,
	Author = {Barker, Blake and Johnson, Mathew A. and Noble, Pascal and Rodrigues, L. Miguel},
	Journal = {Physica D.},
	Number = {1},
	Pages = {11-46},
	Title = {Nonlinear modulational stability of periodic traveling-wave solutions of the generalized Kuramoto-Sivashinsky equation},
	Volume = {258},
	Year = {2013}}

@article{BJNRZ2,
	Author = {Barker, Blake and Johnson, Mathew A. and Noble, Pascal and Rodrigues, L. Miguel},
	Journal = {Journ\'ees \'equations aux d\'eriv\'ees partielles},
	Number = {3},
	Pages = {1-24},
	Title = {Whitham averaged equations and modulational stability of periodic solutions of hyperbolic-parabolic balance laws},
	Year = {2011}}

@article{Br,
	Author = {Brauer, Fred},
	Journal = {Proceedings of the American Mathematical Society},
	Month = {Feb.},
	Number = {1},
	Pages = {36--43},
	Title = {Bounds for solutions of ordinary differential equations},
	Volume = {14},
	Year = {1963}}

@artilce{BrJK,
	Author = {Bronski, J. C. and Johnson, M. A. and Kapitula, T.},
	Journal = {Proc. Roy. Soc. Edinburg Sect. A.},
	Number = {6},
	Pages = {1141-1173},
	Title = {An Index Theorem for the Stability of Periodic Traveling Waves of KdV Type},
	Volume = {141},
	Year = {2011}}

@misc{Lan,
	Author = {Lannes, David},
	Year = {2015},
	Date-Modified = {2019-01-02 16:52:14 -0500},
	Howpublished = {{P}ersonal communication.}}

@misc{Freist_pers,
	Author = {Freist{\"u}hler, Heinrich},
	Year = {2018},
	Date-Modified = {Thu Sep  5 17:12:36 JST 2019},
	Howpublished = {{P}ersonal communication.}}

@unpublished{BZ,
	Author = {Barker, Blake and Zumbrun, Kevin},
	Note = {http://www.math.indiana.edu/gallery/publications/fm20.pdf},
	Title = {A numerical stability investigation of strong ZND detonations for Majda's model}}

@unpublished{BZ2,
	Author = {Barker, Blake and Zumbrun, Kevin},
	Note = {In preparation},
	Title = {Numerical stability analysis of ZND detonations}}

@incollection{BT1,
	Address = {Amsterdam},
	Author = {Blokhin, Alexander and Trakhinin, Yuri},
	Booktitle = {Handbook of mathematical fluid dynamics, {V}ol. {I}},
	Mrclass = {76E99 (35B35 35Q35 76L05 76N15 76W05)},
	Mrnumber = {MR1942469 (2004i:76117)},
	Mrreviewer = {Kevin R. Zumbrun},
	Pages = {545--652},
	Publisher = {North-Holland},
	Title = {Stability of strong discontinuities in fluids and {MHD}},
	Year = {2002}}

@article{BDG,
	Author = {Bridges, Thomas J. and Derks, Gianne and Gottwald, Georg},
	Coden = {PDNPDT},
	Date-Modified = {2008-11-11 23:08:56 -0700},
	Fjournal = {Physica D. Nonlinear Phenomena},
	Issn = {0167-2789},
	Journal = {Phys. D},
	Mrclass = {37K40 (35Q53 37Mxx 65M99)},
	Mrnumber = {1 946 769},
	Number = {1-4},
	Pages = {190--216},
	Title = {Stability and instability of solitary waves of the fifth-order {K}d{V} equation: a numerical framework},
	Volume = {172},
	Year = {2002}}

@book{benzoni2007multi,
	Author = {Benzoni-Gavage, Sylvie and Serre, Denis},
	Publisher = {Oxford University Press on Demand},
	Title = {Multi-dimensional hyperbolic partial differential equations: First-order Systems and Applications},
	Year = {2007}}

@article{Benzoni,
	Author = {Benzoni-Gavage, Sylvie and Rousset, Fr{\'e}d{\'e}ric and Serre, Denis and Zumbrun, K.},
	Coden = {PEAMDU},
	Doi = {10.1017/S030821050000202X},
	Fjournal = {Proceedings of the Royal Society of Edinburgh. Section A. Mathematics},
	Issn = {0308-2105},
	Journal = {Proc. Roy. Soc. Edinburgh Sect. A},
	Mrclass = {35L50 (35B35 35L45 35L60 74H99 76L05 76N99)},
	Mrnumber = {1938714 (2003j:35200)},
	Mrreviewer = {Vladimir Georgiev},
	Number = {5},
	Pages = {1073--1104},
	Title = {Generic types and transitions in hyperbolic initial-boundary-value problems},
	Url = {http://dx.doi.org/10.1017/S030821050000202X},
	Volume = {132},
	Year = {2002},
	Bdsk-Url-1 = {http://dx.doi.org/10.1017/S030821050000202X}}

@phdthesis{Br1,
	Author = {Brin, Leon Q.},
	Date-Modified = {2008-11-11 23:08:56 -0700},
	School = {Indiana University, Bloomington},
	Title = {Numerical testing of the stability of viscous shock waves.},
	Year = {1998}}

@misc{ASThesis,
	Author = {Andreas Schafelner},
	School = {Johannes Kepler University, Linz, Austria},
	Title = {Introduction to magnetohydrodynamics.},
    Note = {Bachelor's Thesis},
	Year = {2016}}

@article{Br2,
	Author = {Brin, Leon Q.},
	Coden = {MCMPAF},
	Date-Modified = {2008-11-11 23:08:56 -0700},
	Fjournal = {Mathematics of Computation},
	Issn = {0025-5718},
	Journal = {Math. Comp.},
	Mrclass = {65L20 (35L67 65L70 65M99 76L05)},
	Mrnumber = {2001j:65118},
	Number = {235},
	Pages = {1071--1088},
	Title = {Numerical testing of the stability of viscous shock waves},
	Volume = {70},
	Year = {2001}}

@article{BrZ,
	Author = {Brin, Leon Q. and Zumbrun, Kevin},
	Date-Modified = {2008-11-11 23:08:56 -0700},
	Fjournal = {Matem\'atica Contempor\^anea},
	Issn = {0103-9059},
	Journal = {Mat. Contemp.},
	Mrclass = {15A18 (34A34 35L65 35L67 76L05)},
	Mrnumber = {1 965 784},
	Note = {Seventh Workshop on Partial Differential Equations, Part I (Rio de Janeiro, 2001)},
	Pages = {19--32},
	Title = {Analytically varying eigenvectors and the stability of viscous shock waves},
	Volume = {22},
	Year = {2002}}

@book{C,
	Address = {New York},
	Author = {Cabannes, H.},
	Publisher = {Academic Press},
	Title = {{Theoretical magnetofluiddynamics}},
	Year = {1970}}

@article{CD,
	Author = {Chang, H-C. and Demekhin, E. A.},
	Journal = {Elsevier},
	Title = {Complex wave dynamics on thin films},
	Year = {2002}}

@article{CDK,
	Author = {Chang, H. C. and Demekhin, E. A. and Kopelevich, D. I.},
	Journal = {Phys. D},
	Pages = {299--320},
	Title = {Laminarizing effects of dispersion in an active-dissipative nonlinear medium},
	Volume = {63},
	Year = {1993}}

@unpublished{CHNZ,
	Author = {Costanzino, N. and Humpherys, J. and Nguyen, T. and Zumbrun, K.},
	Date-Added = {2008-11-11 20:03:53 -0700},
	Date-Modified = {2008-11-11 23:08:56 -0700},
	Note = {Arch. Ration. Mech. Anal.},
	Title = {{Spectral stability of noncharacteristic boundary layers of isentropic Navier--Stokes equations}},
	Year = {2008}}

@article{Co,
	Author = {Conti, R.},
	Journal = {Boll. Un. Math. Ital.},
	Pages = {510--514},
	Title = {Sulla prolugabilita delle soluzioni di un sistema di equazioni differenziali ordinarie},
	Volume = {11},
	Year = {1956}}

@techreport{DY,
	Author = {Demanet, L. and Ying, L.},
	Institution = {MIT technical report},
	Month = {March},
	Title = {On Chebyshev interpolation of analytic functions},
	Year = {2010}}

@article{EF,
	Author = {Evans, John W. and Feroe, John A.},
	Fjournal = {Mathematical Biosciences. An International Journal},
	Journal = {Math. Biosci.},
	Pages = {23--50},
	Title = {Traveling waves of infinitely many pulses in nerve equations},
	Volume = {37},
	Year = {1977}}

@article{FT,
	Author = {Freist{\"u}hler, Heinrich and Trakhinin, Yuri},
	Date-Added = {2008-11-11 20:34:27 -0700},
	Date-Modified = {2008-11-11 23:08:56 -0700},
	Journal = {Physica D: Nonlinear Phenomena},
	Keywords = {MHD shock waves; Viscous stability; Inviscid stability},
	Number = {23},
	Pages = {3030--3037},
	Title = {On the viscous and inviscid stability of magnetohydrodynamic shock waves;},
	Ty = {JOUR},
	Url = {http://www.sciencedirect.com/science/article/B6TVK-4T0MMBM-1/2/525c4ce02c8a2c6e15c540c338036a99},
	Volume = {237},
	Year = {2008},
	Bdsk-Url-1 = {http://www.sciencedirect.com/science/article/B6TVK-4T0MMBM-1/2/525c4ce02c8a2c6e15c540c338036a99}}

@article{EMR,
	Author = {Ercolani, N. M. and McLaughlin, D. W. and Roitner, H.},
	Journal = {J. Nonlinear Sci.},
	Number = {4},
	Pages = {477--539},
	Title = {Attractors and transients for a perturbed periodic {K}d{V} equation: a nonlinear spectral analysis},
	Volume = {3},
	Year = {1993}}

@article{FL,
	Author = {Freist{\"u}hler, Heinrich and Liu, Tai-Ping},
	Journal = {Communications in mathematical physics},
	Number = {1},
	Pages = {147--158},
	Publisher = {Springer},
	Title = {Nonlinear stability of overcompresive shock waves in a rotationally invariant system of viscous conservation laws},
	Volume = {153},
	Year = {1993}}

@article{FS1,
	Author = {Freist{\"u}hler, Heinrich and Szmolyan, Peter},
	Doi = {10.1007/s00205-009-0272-3},
	Fjournal = {Archive for Rational Mechanics and Analysis},
	Issn = {0003-9527},
	Journal = {Arch. Ration. Mech. Anal.},
	Mrclass = {35L67 (35B35 35D40 35L65 76L05)},
	Mrnumber = {2592280},
	Mrreviewer = {Fr\'ed\'eric Rousset},
	Number = {2},
	Pages = {353--373},
	Title = {Spectral stability of small-amplitude viscous shock waves in several space dimensions},
	Url = {http://dx.doi.org/10.1007/s00205-009-0272-3},
	Volume = {195},
	Year = {2010},
	Bdsk-Url-1 = {http://dx.doi.org/10.1007/s00205-009-0272-3}}

@article{FS2,
	Author = {Freist{\"u}hler, H. and Szmolyan, P.},
	Journal = {arXiv:1102.4279},
	Title = {{The Lopatinski determinant of small shocks may vanish}},
	Year = {2011}}

@article{FST,
	Author = {Frisch, U. and She, Z. S. and Thual, O.},
	Journal = {J. Fluid Mech.},
	Pages = {221--240},
	Title = {Viscoelastic behaviour of cellular solutions to the Kuramoto--Sivashinsky model},
	Volume = {168},
	Year = {1986}}

@article{G,
	Author = {Gardner, R.},
	Journal = {J. Math. Pures Appl.},
	Pages = {415--439},
	Title = {On the structure of the spectra of periodic traveling waves},
	Volume = {72},
	Year = {1993}}

@misc{GAO,
	Note = {http://www.gao.gov/products/IMTEC-92-26},
	Title = {PATRIOT MISSILE DEFENSE: Software Problem Led to System Failure at Dhahran, Saudi Arabia, Government Accountability Office report}}

@article{Gu,
	Author = {Gunttner, R.},
	Journal = {SIAM Journal on Numerical Analysis},
	Number = {4},
	Pages = {512--520},
	Title = {Evaluation of Lebesgue Constants},
	Volume = {17},
	Year = {1980}}

@article{Guy,
	Author = {Guyker, J.},
	Journal = {J. Ineq. Pure and Applied Math.},
	Note = {Art 67},
	Number = {2},
	Title = {An inequality for Chebyshev connection coefficients},
	Volume = {7},
	Year = {2006}}

@article{GZ,
	Author = {Gardner, Robert A. and Zumbrun, Kevin},
	Coden = {CPAMA},
	Date-Added = {2008-11-11 19:55:52 -0700},
	Date-Modified = {2008-11-11 23:08:56 -0700},
	Fjournal = {Communications on Pure and Applied Mathematics},
	Issn = {0010-3640},
	Journal = {Comm. Pure Appl. Math.},
	Mrclass = {35L67 (34C99 35B35 35L65 58F39)},
	Mrnumber = {99c:35152},
	Mrreviewer = {Roberto Natalini},
	Number = {7},
	Pages = {797--855},
	Title = {The gap lemma and geometric criteria for instability of viscous shock profiles},
	Volume = {51},
	Year = {1998}}

@article{GJ1,
	Author = {Gardner, R. and Jones, C. K. R. T.},
	Coden = {JDEQAK},
	Date-Modified = {2008-11-11 23:08:56 -0700},
	Fjournal = {Journal of Differential Equations},
	Issn = {0022-0396},
	Journal = {J. Differential Equations},
	Mrclass = {35B35 (35K50 35K60 58C40)},
	Mrnumber = {93c:35009},
	Mrreviewer = {Roger Lui},
	Number = {2},
	Pages = {181--203},
	Title = {A stability index for steady state solutions of boundary value problems for parabolic systems},
	Volume = {91},
	Year = {1991}}

@article{GJ2,
	Author = {Gardner, R. A. and Jones, C. K. R. T.},
	Coden = {IUMJAB},
	Date-Modified = {2008-11-11 23:08:56 -0700},
	Fjournal = {Indiana University Mathematics Journal},
	Issn = {0022-2518},
	Journal = {Indiana Univ. Math. J.},
	Mrclass = {35B25 (35K55)},
	Mrnumber = {92d:35039},
	Mrreviewer = {L. Hsiao},
	Number = {4},
	Pages = {1197--1222},
	Title = {Traveling waves of a perturbed diffusion equation arising in a phase field model},
	Volume = {39},
	Year = {1990}}

@article{Gi,
	Author = {Gilbarg, David},
	Date-Modified = {2008-11-11 23:08:56 -0700},
	Journal = {Amer. J. Math.},
	Mrclass = {76.1X},
	Mrnumber = {13,401e},
	Mrreviewer = {H. Weyl},
	Pages = {256--274},
	Title = {The existence and limit behavior of the one-dimensional shock layer},
	Volume = {73},
	Year = {1951}}

@article{Go1,
	Author = {Goodman, Jonathan},
	Coden = {AVRMAW},
	Date-Modified = {2008-11-11 23:08:56 -0700},
	Fjournal = {Archive for Rational Mechanics and Analysis},
	Issn = {0945-8396},
	Journal = {Arch. Rational Mech. Anal.},
	Mrclass = {35L65 (76L05)},
	Mrnumber = {88b:35127},
	Mrreviewer = {V. A. Galkin},
	Number = {4},
	Pages = {325--344},
	Title = {Nonlinear asymptotic stability of viscous shock profiles for conservation laws},
	Volume = {95},
	Year = {1986}}

@incollection{Go2,
	Address = {Philadelphia, PA},
	Author = {Goodman, Jonathan},
	Booktitle = {Viscous profiles and numerical methods for shock waves (Raleigh, NC, 1990)},
	Date-Modified = {2008-11-11 23:08:56 -0700},
	Mrclass = {35L67},
	Mrnumber = {1 142 641},
	Pages = {66--72},
	Publisher = {SIAM},
	Title = {Remarks on the stability of viscous shock waves},
	Year = {1991}}

@unpublished{GMWZ5,
	Author = {O. Gu{\`e}s and G. M{\'e}tivier and M. Williams and K. Zumbrun},
	Note = {Preprint.},
	Title = {Existence and stability of noncharacteristic hyperbolic-parabolic boundary-layers},
	Year = {2009}}

@article{GMWZ6,
	Author = {Gues, Olivier and M{\'e}tivier, Guy and Williams, Mark and Zumbrun, Kevin},
	Coden = {JDEQAK},
	Fjournal = {Journal of Differential Equations},
	Issn = {0022-0396},
	Journal = {J. Differential Equations},
	Mrclass = {35L60 (35B25 35L67 76L05 76W05)},
	Mrnumber = {MR2376200 (2009c:35280)},
	Mrreviewer = {Paola Loreti},
	Number = {2},
	Pages = {309--387},
	Title = {Viscous boundary value problems for symmetric systems with variable multiplicities},
	Volume = {244},
	Year = {2008}}

@book{GR,
	Author = {Gradshteyn, I. S. and Ryzhik, I. M.},
	Publisher = {Elseveir, Inc.},
	Title = {Table of integrals, series, and products}}

@techreport{HM,
	Author = {Nicholas Hale and Daniel R. Moore},
	Institution = {Oxford University Computing Laboratory},
	Month = {May},
	Number = {NA-08/04},
	Title = {A Sixth-Order Extension to the MATLAB Package bvp4c of J. Kierzenka and L. Shampine},
	Url = {http://www.comlab.ox.ac.uk/nick.hale/bvp6c/bvp6c_technical_report.pdf},
	Year = {2008},
	Bdsk-Url-1 = {http://www.comlab.ox.ac.uk/nick.hale/bvp6c/bvp6c_technical_report.pdf}}

@article{H,
	Author = {Howard, Peter},
	Fjournal = {Differential and Integral Equations. An International Journal for Theory \& Applications},
	Issn = {0893-4983},
	Journal = {Differential Integral Equations},
	Mrclass = {35L65 (35B35 35B40 35K55 35L67)},
	Mrnumber = {MR2324219 (2008e:35127)},
	Mrreviewer = {Stella Vernier Piro},
	Number = {5},
	Pages = {515--560},
	Title = {Nonlinear stability of degenerate shock profiles},
	Volume = {20},
	Year = {2007}}

@article{HR,
	Author = {Howard, Peter and Raoofi, Mohammadreza},
	Fjournal = {Advances in Differential Equations},
	Issn = {1079-9389},
	Journal = {Adv. Differential Equations},
	Mrclass = {35L65 (35B25 35B40 35K55)},
	Mrnumber = {MR2263670 (2007i:35161)},
	Mrreviewer = {Ivan Stra{\v{s}}kraba},
	Number = {9},
	Pages = {1031--1080},
	Title = {Pointwise asymptotic behavior of perturbed viscous shock profiles},
	Volume = {11},
	Year = {2006}}

@article{HRZ,
	Author = {Howard, Peter and Raoofi, Mohammadreza and Zumbrun, Kevin},
	Fjournal = {Journal of Hyperbolic Differential Equations},
	Issn = {0219-8916},
	Journal = {J. Hyperbolic Differ. Equ.},
	Mrclass = {35L65 (35B35 76L05 76N17)},
	Mrnumber = {MR2229858 (2006m:35235)},
	Mrreviewer = {Denis Serre},
	Number = {2},
	Pages = {297--373},
	Title = {Sharp pointwise bounds for perturbed viscous shock waves},
	Volume = {3},
	Year = {2006}}

@article{HoZ,
	Author = {Howard, Peter and Zumbrun, Kevin},
	Fjournal = {Discrete and Continuous Dynamical Systems. Series A},
	Issn = {1078-0947},
	Journal = {Discrete Contin. Dyn. Syst.},
	Mrclass = {35L67 (34E10 35B35)},
	Mrnumber = {MR2073937 (2005h:35235)},
	Mrreviewer = {Arnd Scheel},
	Number = {4},
	Pages = {837--855},
	Title = {The {E}vans function and stability criteria for degenerate viscous shock waves},
	Volume = {10},
	Year = {2004}}

@article{HLZ,
	Author = {Humpherys, Jeffrey and Lafitte, Olivier, and Zumbrun, Kevin},
	Journal = {Commun. Math. Phys.},
	Pages = {1-36},
	Title = {Stability of Isentropic Navier-Stokes Shocks in the High-Mach Number Limit},
	Volume = {293},
	Year = {2010}}

@article{Hu3,
	Author = {Humpherys, Jeffrey},
	Date-Modified = {2008-11-11 23:08:56 -0700},
	Fjournal = {Journal of Differential Equations},
	Journal = {J. Differential Equations},
	Number = {7},
	Pages = {2938--2957},
	Title = {On the shock wave spectrum for isentropic gas dynamics with capillarity},
	Volume = {246},
	Year = {2009}}

@article{HuZ1,
	Author = {Humpherys, Jeffrey and Zumbrun, Kevin},
	Coden = {AZMPA8},
	Date-Added = {2008-11-11 20:06:50 -0700},
	Date-Modified = {2008-11-11 23:08:56 -0700},
	Fjournal = {Zeitschrift f{\"u}r Angewandte Mathematik und Physik. ZAMP. Journal of Applied Mathematics and Physics. Journal de Math\'ematiques et de Physique Appliqu\'ees},
	Issn = {0044-2275},
	Journal = {Z. Angew. Math. Phys.},
	Mrclass = {35L65 (35B35 35Kxx)},
	Mrnumber = {1 889 177},
	Number = {1},
	Pages = {20--34},
	Title = {Spectral stability of small-amplitude shock profiles for dissipative symmetric hyperbolic-parabolic systems},
	Volume = {53},
	Year = {2002}}

@article{HuZ2,
	Author = {Humpherys, Jeffrey and Zumbrun, Kevin},
	Coden = {PDNPDT},
	Date-Added = {2008-11-11 20:07:03 -0700},
	Date-Modified = {2008-11-11 23:08:56 -0700},
	Fjournal = {Physica D. Nonlinear Phenomena},
	Issn = {0167-2789},
	Journal = {Phys. D},
	Mrclass = {35A25 (34L16 65L15)},
	Mrnumber = {MR2253406 (2007e:35006)},
	Number = {2},
	Pages = {116--126},
	Title = {An efficient shooting algorithm for {E}vans function calculations in large systems},
	Volume = {220},
	Year = {2006}}

@article{HSZ,
	Author = {Humpherys, Jeffrey and Sandstede, Bj{\"o}rn and Zumbrun, Kevin},
	Coden = {NUMMA7},
	Date-Added = {2008-11-11 20:04:54 -0700},
	Date-Modified = {2008-11-11 23:08:56 -0700},
	Fjournal = {Numerische Mathematik},
	Issn = {0029-599X},
	Journal = {Numer. Math.},
	Mrclass = {65D20},
	Mrnumber = {MR2221065 (2007a:65028)},
	Number = {4},
	Pages = {631--642},
	Title = {Efficient computation of analytic bases in {E}vans function analysis of large systems},
	Volume = {103},
	Year = {2006}}

@unpublished{HLyZ1,
	Author = {Humpherys, J. and Lyng, G. and Zumbrun, K.},
	Date-Added = {2008-11-11 20:38:29 -0700},
	Date-Modified = {2008-11-11 23:08:56 -0700},
	Note = {Arch. Ration. Mech. Anal.},
	Title = {{Spectral stability of ideal-gas shock layers}},
	Year = {2009}}

@misc{IB,
	Note = {http://esamultimedia.esa.int/docs/esa-x-1819eng.pdf},
	Title = {Ariane 5 Flight 501 Failure, Report by the inquiry board}}

@book{J,
	Address = {Edinburgh},
	Author = {Jeffrey, Alan},
	Mrclass = {76.00},
	Mrnumber = {MR0205565 (34 \#5392)},
	Mrreviewer = {H. K. Moffatt},
	Pages = {viii+252},
	Publisher = {Oliver \& Boyd},
	Series = {University Mathematical Texts, No. 33},
	Title = {Magnetohydrodynamics},
	Year = {1966}}

@article{JNRZ,
	Author = {Johnson, Mathew A. and Noble, Pascal and Rodriguez, L. Miguel and Zumbrun, Kevin},
	Journal = {Transactions of the AMS},
	Note = {To appear},
	Title = {Spectral stability of periodic wave trains of the Korteweg-de Vries/Kuramoto-Sivashinksy equation in the Korteweg-de Vries limit}}

@article{JNRZ1,
	Author = {Johnson, Mathew A. and Noble, Pascal and Rodriguez, L. Miguel and Zumbrun, Kevin},
	Note = {submitted (2012) arXiv:1202.6402.},
	Title = {Spectral stability of periodic wave trains of the Korteweg-de Vries/Kuramoto-Sivashinsky equation in the Korteweg-de Vries limit}}

@article{JNRZ2,
	Author = {Johnson, Mathew A. and Noble, Pascal and Rodriguez, L. Miguel and Zumbrun, Kevin},
	Note = {To appear, Inventiones Math},
	Title = {Behaviour of periodic solutions of viscous conservation laws under localized and nonlocalized perturbations}}

@article{JZ1,
	Author = {Johnson, Mathew and Zumbrun, Kevin},
	Journal = {SIAM J. Appl. Dyn. Syst.},
	Number = {1},
	Pages = {189--211},
	Title = {Nonlinear stability and asymptotic behavior of periodic traveling waves of multidimensional viscous conservation laws in dimensions one and two},
	Volume = {10},
	Year = {2011}}

@article{JZ2,
	Author = {Johnson, Mathew A. and Zumbrun, Kevin},
	Journal = {Journal of Differential Equations},
	Number = {5},
	Pages = {1213--1240},
	Title = {Nonlinear stability of periodic traveling waves of viscous conservation laws in the generic case},
	Volume = {249},
	Year = {2010}}

@article{JZN,
	Author = {Johnson, Mathew A. and Zumbrun, Kevin and Noble, Pascal},
	Number = {2},
	Pages = {577--611},
	Title = {Nonlinear stability of viscous roll waves, SIAM Journal on Mathematical Analysis},
	Volume = {43},
	Year = {2011}}

@book{K,
	Author = {Kuramoto, Y.},
	Publisher = {Springer-Verlag, Berline},
	Title = {Chemical oscillations, waves, and turbulence},
	Volume = {164},
	Year = {1984}}

@article{KL,
	Author = {Kierzenka, J. and Shampine, L. F.},
	Fjournal = {JNAIAM. Journal of Numerical Analysis, Industrial and Applied Mathematics},
	Issn = {1790-8140},
	Journal = {JNAIAM J. Numer. Anal. Ind. Appl. Math.},
	Mrclass = {65L10 (65L70)},
	Mrnumber = {MR2435770 (2009e:65104)},
	Mrreviewer = {Othmar Koch},
	Number = {1-2},
	Pages = {27--41},
	Title = {A {BVP} solver that controls residual and error},
	Volume = {3},
	Year = {2008}}

@article{KS,
	Author = {Kapitula, Todd and Sandstede, Bj{\"o}rn},
	Coden = {PDNPDT},
	Date-Modified = {2008-11-11 23:08:56 -0700},
	Fjournal = {Physica D. Nonlinear Phenomena},
	Issn = {0167-2789},
	Journal = {Phys. D},
	Mrclass = {35Q55 (35B35 78A60)},
	Mrnumber = {99h:35199},
	Number = {1-3},
	Pages = {58--103},
	Title = {Stability of bright solitary-wave solutions to perturbed nonlinear {S}chr{\"o}dinger equations},
	Volume = {124},
	Year = {1998}}

@book{Kato,
	Address = {Berlin},
	Author = {Kato, Tosio},
	Date-Modified = {2008-11-11 23:08:56 -0700},
	Isbn = {3-540-58661-X},
	Mrclass = {47A55 (46-00 47-00)},
	Mrnumber = {96a:47025},
	Note = {Reprint of the 1980 edition},
	Pages = {xxii+619},
	Publisher = {Springer-Verlag},
	Series = {Classics in Mathematics},
	Title = {Perturbation theory for linear operators},
	Year = {1995}}

@phdthesis{Kaw,
	Author = {Kawashima, Shuichi},
	Date-Modified = {2008-11-11 23:08:56 -0700},
	School = {Kyoto University},
	Title = {Systems of a hyperbolic--parabolic composite type, with applications to the equations of magnetohydrodynamics},
	Year = {1983}}

@article{KE,
	Author = {Kent, P. and Elgin, J.},
	Number = {4},
	Pages = {899--919},
	Title = {Traveling-waves of the Kuramoto-Sivashinsky equation: period-multiplying bifurcations, Nonlinearity},
	Volume = {5},
	Year = {1992}}

@misc{Kh,
	Author = {Khoromskij, B. N.},
	Misc = {University/ETH Z\''{u}rich, ProDoc Program, WS 2010 lecture notes.}}

@article{KSF,
	Author = {Kuznetsov, E. A. and Spector, M. D. and Fal'kovich, G. E.},
	Journal = {Phys. D.},
	Pages = {379--386},
	Title = {On the stability of nonlinear waves in integrable models},
	Volume = {10},
	Year = {1984}}

@article{KT,
	Author = {Kuramoto, Y. and Tsuzuki, T.},
	Journal = {Progress of Theoretical Physics},
	Number = {3},
	Title = {On the formation of dissipative structures in reaction-diffusion systems},
	Volume = {54},
	Year = {1975}}

@article{LD,
	Author = {Lessen, Martin and Deshpande, Narayan V},
	Journal = {Journal of Plasma Physics},
	Number = {04},
	Pages = {463--472},
	Publisher = {Cambridge Univ Press},
	Title = {Stability of magnetohydrodynamic shock waves},
	Volume = {1},
	Year = {1967}}

@article{LZ,
	Author = {Liu, Tai-Ping and Zumbrun, Kevin},
	Coden = {CMPHAY},
	Fjournal = {Communications in Mathematical Physics},
	Issn = {0010-3616},
	Journal = {Comm. Math. Phys.},
	Mrclass = {35L67 (35B35 76L05)},
	Mrnumber = {MR1362168 (97g:35110)},
	Number = {2},
	Pages = {319--345},
	Title = {On nonlinear stability of general undercompressive viscous shock waves},
	Volume = {174},
	Year = {1995}}

@article{Majda,
	Author = {Majda, Andrew},
	Coden = {MAMCAU},
	Doi = {10.1090/memo/0275},
	Fjournal = {Memoirs of the American Mathematical Society},
	Issn = {0065-9266},
	Journal = {Mem. Amer. Math. Soc.},
	Mrclass = {35L67 (76L05)},
	Mrnumber = {683422 (84e:35100)},
	Mrreviewer = {Ronald DiPerna},
	Number = {275},
	Pages = {iv+95},
	Title = {The stability of multidimensional shock fronts},
	Url = {http://dx.doi.org/10.1090/memo/0275},
	Volume = {41},
	Year = {1983},
	Bdsk-Url-1 = {http://dx.doi.org/10.1090/memo/0275}}

@article{M,
	Author = {Mason, J. C.},
	Journal = {Journal of Approximation Theory},
	Pages = {349--358},
	Title = {Near-Best Multivariate Approximation by Fourier series, Chebyshev series and Chebyshev interpolation},
	Volume = {28},
	Year = {1980}}

@article{MaZ3,
	Author = {Mascia, Corrado and Zumbrun, Kevin},
	Fjournal = {Archive for Rational Mechanics and Analysis},
	Issn = {0003-9527},
	Journal = {Arch. Ration. Mech. Anal.},
	Mrclass = {35L60 (35A08 35B45 35L65 35L67)},
	Mrnumber = {MR2004135 (2004h:35137)},
	Mrreviewer = {Roberto Natalini},
	Number = {3},
	Pages = {177--263},
	Title = {Pointwise {G}reen function bounds for shock profiles of systems with real viscosity},
	Volume = {169},
	Year = {2003}}

@article{MaZ4,
	Author = {Mascia, Corrado and Zumbrun, Kevin},
	Fjournal = {Archive for Rational Mechanics and Analysis},
	Issn = {0003-9527},
	Journal = {Arch. Ration. Mech. Anal.},
	Mrclass = {35L65 (35B25 35B30 35B40 35K65 35L67)},
	Mrnumber = {MR2048568 (2005d:35166)},
	Mrreviewer = {J{\"o}rg M. H{\"a}rterich},
	Number = {1},
	Pages = {93--131},
	Title = {Stability of large-amplitude viscous shock profiles of hyperbolic-parabolic systems},
	Volume = {172},
	Year = {2004}}

@article{MeZ1,
	Author = {M{\'e}tivier, Guy and Zumbrun, Kevin},
	Coden = {MAMCAU},
	Date-Added = {2008-11-11 20:11:53 -0700},
	Date-Modified = {2008-11-11 23:08:56 -0700},
	Fjournal = {Memoirs of the American Mathematical Society},
	Issn = {0065-9266},
	Journal = {Mem. Amer. Math. Soc.},
	Mrclass = {35L60 (35B35)},
	Mrnumber = {MR2130346 (2006f:35168)},
	Mrreviewer = {Sylvie Benzoni-Gavage},
	Number = {826},
	Pages = {vi+107},
	Title = {Large viscous boundary layers for noncharacteristic nonlinear hyperbolic problems},
	Volume = {175},
	Year = {2005}}

@article{MeZ2,
	Author = {M{\'e}tivier, Guy and Zumbrun, Kevin},
	Coden = {JDEQAK},
	Fjournal = {Journal of Differential Equations},
	Issn = {0022-0396},
	Journal = {J. Differential Equations},
	Mrclass = {35L60 (35L67 76L05 76W05)},
	Mrnumber = {MR2121110 (2005j:35145)},
	Mrreviewer = {Olga S. Rozanova},
	Number = {1},
	Pages = {61--134},
	Title = {Hyperbolic boundary value problems for symmetric systems with variable multiplicities},
	Volume = {211},
	Year = {2005}}

@article{Mo,
	Author = {Monteiro, Rafael A.},
	Doi = {10.1016/j.jde.2014.05.025},
	Fjournal = {Journal of Differential Equations},
	Issn = {0022-0396},
	Journal = {J. Differential Equations},
	Mrclass = {35K40 (35B10 35B32 35K57 35K59)},
	Mrnumber = {3227289},
	Mrreviewer = {Shangerganesh Lingeshwaran},
	Number = {6},
	Pages = {2035--2077},
	Title = {Transverse steady bifurcation of viscous shock solutions of a system of parabolic conservation laws in a strip},
	Url = {http://dx.doi.org/10.1016/j.jde.2014.05.025},
	Volume = {257},
	Year = {2014},
	Bdsk-Url-1 = {http://dx.doi.org/10.1016/j.jde.2014.05.025}}

@article{N,
	Author = {Nepomnyashchy, A. A.},
	Journal = {Trans. Penn State Univ.},
	Notes = {[in Russian]},
	Pages = {114},
	Title = {Kawahara equation},
	Volume = {362},
	Year = {1976}}

@article{P,
	Author = {Pego, Robert L.},
	Coden = {TAMTAM},
	Date-Modified = {2008-11-11 23:08:56 -0700},
	Fjournal = {Transactions of the American Mathematical Society},
	Issn = {0002-9947},
	Journal = {Trans. Amer. Math. Soc.},
	Mrclass = {35L65 (35L67 76L05)},
	Mrnumber = {85f:35138},
	Mrreviewer = {Darrell L. Hicks},
	Number = {2},
	Pages = {749--763},
	Title = {Stable viscosities and shock profiles for systems of conservation laws},
	Volume = {282},
	Year = {1984}}

@article{PW,
	Author = {Pego, Robert L. and Weinstein, Michael I.},
	Date-Modified = {2008-11-11 23:08:56 -0700},
	Fjournal = {Philosophical Transactions of the Royal Society of London. Series A. Mathematical, Physical Sciences and Engineering},
	Issn = {0962-8428},
	Journal = {Philos. Trans. Roy. Soc. London Ser. A},
	Mrclass = {35Q35 (76B15 76B25 76E99)},
	Mrnumber = {93g:35115},
	Mrreviewer = {R. M. Gundersen},
	Number = {1656},
	Pages = {47--94},
	Title = {Eigenvalues, and instabilities of solitary waves},
	Volume = {340},
	Year = {1992}}

@article{PSU,
	Author = {Pego, R. and Schneider, H. and Uecker, H.},
	Journal = {Proc. Royal Soc. Edinburg.},
	Pages = {133--146},
	Title = {Long-time persistence of Korteweg-de Vries solitons as transient dynamics in a model of inclined film flow},
	Volume = {137A},
	Year = {2007}}

@article{PSW,
	Author = {Pego, Robert L. and Smereka, Peter and Weinstein, Michael I.},
	Coden = {PDNPDT},
	Date-Modified = {2008-11-11 23:08:56 -0700},
	Fjournal = {Physica D. Nonlinear Phenomena},
	Issn = {0167-2789},
	Journal = {Phys. D},
	Mrclass = {35Q53 (76B15 76E99)},
	Mrnumber = {94j:35162},
	Mrreviewer = {Maria Elena Schonbek},
	Number = {1-3},
	Pages = {45--65},
	Title = {Oscillatory instability of traveling waves for a {K}d{V}-{B}urgers equation},
	Volume = {67},
	Year = {1993}}

@article{PZ,
	Author = {Plaza, Ramon and Zumbrun, Kevin},
	Date-Modified = {2008-11-11 23:08:56 -0700},
	Fjournal = {Discrete and Continuous Dynamical Systems},
	Issn = {1078-0947},
	Journal = {Discrete Contin. Dyn. Syst.},
	Mrclass = {35L67 (35L65)},
	Mrnumber = {MR2073940},
	Number = {4},
	Pages = {885--924},
	Title = {An {E}vans function approach to spectral stability of small-amplitude shock profiles},
	Volume = {10},
	Year = {2004}}

@article{Ra,
	Author = {Raoofi, Mohammadreza},
	Fjournal = {Journal of Hyperbolic Differential Equations},
	Issn = {0219-8916},
	Journal = {J. Hyperbolic Differ. Equ.},
	Mrclass = {35L65 (35B25)},
	Mrnumber = {MR2172698 (2006j:35163)},
	Mrreviewer = {L. Hsiao},
	Number = {3},
	Pages = {595--644},
	Title = {{$L\sp p$} asymptotic behavior of perturbed viscous shock profiles},
	Volume = {2},
	Year = {2005}}

@article{RZ,
	Author = {Raoofi, Mohammadreza and Zumbrun, Kevin},
	Coden = {JDEQAK},
	Fjournal = {Journal of Differential Equations},
	Issn = {0022-0396},
	Journal = {J. Differential Equations},
	Mrclass = {35K55 (35L65)},
	Mrnumber = {MR2488696},
	Number = {4},
	Pages = {1539--1567},
	Title = {Stability of undercompressive viscous shock profiles of hyperbolic-parabolic systems},
	Volume = {246},
	Year = {2009}}

@article{S0,
	Author = {Sattinger, D. H.},
	Date-Modified = {2008-11-11 23:08:56 -0700},
	Journal = {Advances in Math.},
	Mrclass = {35K55},
	Mrnumber = {55 \#8561},
	Mrreviewer = {J. Smoller},
	Number = {3},
	Pages = {312--355},
	Title = {On the stability of waves of nonlinear parabolic systems},
	Volume = {22},
	Year = {1976}}

@book{SGT,
	Address = {Cambridge},
	Author = {Shampine, L. F. and Gladwell, I. and Thompson, S.},
	Isbn = {0-521-82404-4; 0-521-53094-6},
	Mrclass = {65Y15 (65Lxx)},
	Mrnumber = {MR1985643 (2004f:65221)},
	Mrreviewer = {David R. Hill},
	Pages = {viii+263},
	Publisher = {Cambridge University Press},
	Title = {Solving {ODE}s with {MATLAB}},
	Year = {2003}}

@article{TZ2,
	Author = {Texier, Benjamin and Zumbrun, Kevin},
	Date-Added = {2008-11-11 20:16:59 -0700},
	Date-Modified = {2008-11-11 23:08:56 -0700},
	Fjournal = {Archive for Rational Mechanics and Analysis},
	Issn = {0003-9527},
	Journal = {Arch. Ration. Mech. Anal.},
	Mrclass = {35Q35 (35L67 37L10 76L05 76N10 76W05)},
	Mrnumber = {MR2434902},
	Number = {1},
	Pages = {107--140},
	Title = {Hopf bifurcation of viscous shock waves in compressible gas dynamics and {MHD}},
	Volume = {190},
	Year = {2008}}

@article{TZ1,
	Author = {Texier, Benjamin and Zumbrun, Kevin},
	Journal = {Physica D: Nonlinear Phenomena},
	Number = {10},
	Pages = {1553--1601},
	Publisher = {Elsevier},
	Title = {Galloping instability of viscous shock waves},
	Volume = {237},
	Year = {2008}}

@article{T,
	Author = {Trakhinin, Yuri},
	Coden = {CMPHAY},
	Fjournal = {Communications in Mathematical Physics},
	Issn = {0010-3616},
	Journal = {Comm. Math. Phys.},
	Mrclass = {76W05 (35L67 35Q35 76L05 76N15)},
	Mrnumber = {MR1977882 (2004b:76164)},
	Mrreviewer = {Marta Lewicka},
	Number = {1},
	Pages = {65--92},
	Title = {A complete 2{D} stability analysis of fast {MHD} shocks in an ideal gas},
	Volume = {236},
	Year = {2003}}

@misc{WR,
	Notes = {http://functions.wolfram.com/EllipticFunctions/WeierstrassSigma4/introductions/Weierstrass/05/},
	Title = {The best-known properties and formulas for Weierstrass functions and inverses, 1998-2013 Wolfram Research, Inc.}}

@article{R,
	Author = {Rump, S. M.},
	Journal = {Tibor Csendes (ed.), Developments in Reliable Computing},
	Pages = {77--105},
	Publisher = {Kluwer Academic Publishers},
	Title = {INTLAB-INTerval LABoratory},
	Year = {1999}}

@misc{Rep,
	Month = {December},
	Note = {http://wiki.stodden.net/ICERM\_Reproducibility\_in\_Computational\_and\_Experimental\_Mathematics:\_Readings\_and\_References},
	Title = {ICERM Reproducibility in Computational and Experimental Mathematics: Readings and References, Web page describing the proceedings of the ICERM conference on Reproducibility in Computational and Experimental Mathematics},
	Year = {2013}}

@article{RW,
	Author = {Reddy, S. C. and Weideman, J. A. C.},
	Journal = {Siam Journal on Numerical Analysis},
	Number = {5},
	Pages = {2176--2184},
	Title = {The accuracy of the Chebyshev differencing method for analytic functions},
	Volume = {42},
	Year = {2005}}

@article{S,
	Author = {Spector, M. D.},
	Journal = {Sov. Phys. JETP},
	Number = {1},
	Pages = {104},
	Title = {Stability of conoidal waves in media with positive and negative dispersion},
	Volume = {67},
	Year = {1988}}

@article{S1,
	Author = {Sivashinsky, G. I.},
	Journal = {Acta Astron},
	Number = {11-12},
	Pages = {1177-1206},
	Title = {Nonlinear analysis of hydrodynamic instability in laminar flame. I. Derivation of basic equations},
	Volume = {4},
	Year = {1977}}

@article{S2,
	Author = {Sivashinsky},
	Journal = {Annual Review of Fluid Mechanics},
	Pages = {179--199},
	Title = {Instabilities, Pattern Formation, and Turbulence in Flames},
	Volume = {15},
	Year = {1983}}

@article{Sc1,
	Author = {Schneider, G.},
	Journal = {Proceedings of the International Conference on Asymptotics in Nonlinear Diffusive Systems (Sendai, 1997)},
	Pages = {159--167},
	Publisher = {Tohoku Math. Publ., 8, Tohoku Univ. Sendai},
	Title = {Nonlinear diffusive stability of spatially periodic solutions-- abstract theorem and higher space dimensions},
	Year = {1998}}

@article{Sc2,
	Author = {Schneider, G.},
	Journal = {Comm. Math. Phys.},
	Number = {3},
	Pages = {679--702},
	Title = {Diffusive stability of spatial periodic solutions of the Swift-Hohenberg equation},
	Volume = {178},
	Year = {1996}}

@article{Ta,
	Author = {Tadmor, Eitan},
	Journal = {SIAM Journal on Numerical Analysis},
	Number = {1},
	Pages = {1--10},
	Title = {The Exponential Accuracy of Fourier and Chebyshev Differencing Methods},
	Volume = {23},
	Year = {1986}}

@article{We,
	Author = {Weyl, Hermann},
	Journal = {Communications on Pure and Applied Mathematics},
	Number = {2-3},
	Pages = {103--122},
	Publisher = {Wiley Online Library},
	Title = {Shock waves in arbitrary fluids},
	Volume = {2},
	Year = {1949}}

@article{W,
	Author = {Win, H. A.},
	Journal = {J. Math. Kyoto Univ.},
	Number = {3},
	Pages = {803--824},
	Title = {Model equation of surface waves of viscous fluid down an inclined plane},
	Volume = {33},
	Year = {1993}}

@article{Wi,
	Author = {Wintner, Aurel},
	Journal = {American Journal of Mathematics},
	Month = {Apr.},
	Number = {2},
	Pages = {265--294},
	Publisher = {The John Hopkins University Press},
	Title = {Ordinary Differential Equations and Laplace Transforms},
	Url = {http://www.jstor.org/stable/2372682},
	Volume = {79},
	Year = {1957},
	Bdsk-Url-1 = {http://www.jstor.org/stable/2372682}}

@article{YY,
	Author = {Yang, Y. and Yu, J.},
	Journal = {Stud. Appl. Math.},
	Number = {1},
	Pages = {1--27},
	Title = {Evolution of small periodic disturbances into roll waves in channel flow with internal dissipation},
	Volume = {111},
	Year = {2003}}

@incollection{Z1,
	Address = {Boston, MA},
	Author = {Zumbrun, Kevin},
	Booktitle = {Advances in the theory of shock waves},
	Date-Added = {2008-11-11 20:12:25 -0700},
	Date-Modified = {2008-11-11 23:08:56 -0700},
	Mrclass = {35L67 (35B35 35K20 35L65 76L05 76N17)},
	Mrnumber = {MR1842778 (2002k:35200)},
	Mrreviewer = {Sylvie Benzoni-Gavage},
	Pages = {307--516},
	Publisher = {Birkh{\"a}user Boston},
	Series = {Progr. Nonlinear Differential Equations Appl.},
	Title = {Multidimensional stability of planar viscous shock waves},
	Volume = {47},
	Year = {2001}}

    @misc{JLy,
    Author = {Helge Kristian Jenssen and Gregory Lyng},
    Date-Modified = {2019-01-02 16:55:10 -0500},
    Howpublished = {arXiv:0904.0268},
    Title = {Evaluation of the {L}opatinski determinant for gas dynamics},
    Note = {Appendix to {Z2}}}

@incollection{Z2,
	Address = {Amsterdam},
	Author = {Zumbrun, Kevin},
	Booktitle = {Handbook of mathematical fluid dynamics. Vol. III},
	Date-Added = {2008-11-11 19:55:52 -0700},
	Date-Modified = {2008-11-11 23:08:56 -0700},
	Mrclass = {35Q35 (35B35 35L67 35Q30 76L05 76N10)},
	Mrnumber = {MR2099037},
	Note = {With an appendix by Helge Kristian Jenssen and Gregory Lyng},
	Pages = {311--533},
	Publisher = {North-Holland},
	Title = {Stability of large-amplitude shock waves of compressible {N}avier-{S}tokes equations},
	Year = {2004}}

@incollection{Z3,
	Address = {Berlin},
	Author = {Zumbrun, Kevin},
	Booktitle = {Hyperbolic systems of balance laws},
	Mrclass = {35L65 (35-02 35L67 76L05 76N15)},
	Mrnumber = {MR2348937 (2008k:35315)},
	Mrreviewer = {Helge Kristian Jenssen},
	Pages = {229--326},
	Publisher = {Springer},
	Series = {Lecture Notes in Math.},
	Title = {Planar stability criteria for viscous shock waves of systems with real viscosity},
	Volume = {1911},
	Year = {2007}}

@misc{Z5,
	Author = {Kevin Zumbrun},
	Date-Modified = {2019-01-02 16:55:10 -0500},
	Howpublished = {arXiv.org:0904.0268},
	Title = {Numerical error analysis for {E}vans function computations: a numerical gap lemma, centered-coordinate methods, and the unreasonable effectiveness of continuous orthogonalization},
	Url = {http://www.citebase.org/abstract?id=oai:arXiv.org:0904.0268},
	Year = {2009},
	Bdsk-Url-1 = {http://www.citebase.org/abstract?id=oai:arXiv.org:0904.0268}}

@article{ZH,
	Author = {Zumbrun, Kevin and Howard, Peter},
	Coden = {IUMJAB},
	Date-Modified = {2008-11-11 23:08:56 -0700},
	Fjournal = {Indiana University Mathematics Journal},
	Issn = {0022-2518},
	Journal = {Indiana Univ. Math. J.},
	Mrclass = {35L67 (35B35 35L65 47D06 47N20)},
	Mrnumber = {99m:35157},
	Mrreviewer = {Roberto Natalini},
	Number = {3},
	Pages = {741--871},
	Title = {Pointwise semigroup methods and stability of viscous shock waves},
	Volume = {47},
	Year = {1998}}

@article{ZS,
	Author = {Zumbrun, Kevin and Serre, D.},
	Coden = {IUMJAB},
	Date-Modified = {2008-11-11 23:08:56 -0700},
	Fjournal = {Indiana University Mathematics Journal},
	Issn = {0022-2518},
	Journal = {Indiana Univ. Math. J.},
	Mrclass = {35L67 (35B35 35L50 35L65 76L05)},
	Mrnumber = {2001h:35122},
	Mrreviewer = {Fumioki Asakura},
	Number = {3},
	Pages = {937--992},
	Title = {Viscous and inviscid stability of multidimensional planar shock fronts},
	Volume = {48},
	Year = {1999}}

@article{BT2,
	Author = {Blokhin, A. M. and Trakhinin, Yu. L.},
	Coden = {EJBFEV},
	Doi = {10.1016/S0997-7546(99)80022-3},
	Fjournal = {European Journal of Mechanics. B. Fluids},
	Issn = {0997-7546},
	Journal = {Eur. J. Mech. B Fluids},
	Mrclass = {76W05 (76E25 76E30 76L05)},
	Mrnumber = {1681896 (99m:76117)},
	Number = {2},
	Pages = {197--211},
	Title = {Stability of fast parallel {MHD} shock waves in polytropic gas},
	Url = {http://dx.doi.org/10.1016/S0997-7546(99)80022-3},
	Volume = {18},
	Year = {1999},
	Bdsk-Url-1 = {http://dx.doi.org/10.1016/S0997-7546(99)80022-3}}

@article{MR1683806,
	Author = {Blokhin, A. M. and Trakhinin, Yu. L.},
	Coden = {AMHCAP},
	Doi = {10.1007/BF01179046},
	Fjournal = {Acta Mechanica},
	Issn = {0001-5970},
	Journal = {Acta Mech.},
	Mrclass = {76W05 (76E25 76L05)},
	Mrnumber = {1683806 (99m:76116)},
	Number = {1-2},
	Pages = {57--71},
	Title = {Stability of fast parallel and transversal {MHD} shock waves in plasma with pressure anisotropy},
	Url = {http://dx.doi.org/10.1007/BF01179046},
	Volume = {135},
	Year = {1999},
	Bdsk-Url-1 = {http://dx.doi.org/10.1007/BF01179046}}

@incollection{MR1715735,
	Author = {Blokhin, Alexander M. and Trakhinin, Yuri L.},
	Booktitle = {Hyperbolic problems: theory, numerics, applications, {V}ol. {I} ({Z}{\"u}rich, 1998)},
	Mrclass = {76L05 (35L60 76W05)},
	Mrnumber = {1715735 (2000g:76070)},
	Pages = {77--86},
	Publisher = {Birkh\"auser, Basel},
	Series = {Internat. Ser. Numer. Math.},
	Title = {Hyperbolic initial-boundary value problems on the stability of strong discontinuities in continuum mechanics},
	Volume = {129},
	Year = {1999}}

@article{MR1663879,
	Author = {Blokhin, A. M. and Trakhinin, Yu. L. and Merazhov, I. Z.},
	Doi = {10.1007/BF02468083},
	Fjournal = {Rossi\u\i skaya Akademiya Nauk. Sibirskoe Otdelenie. Prikladnaya Mekhanika i Tekhnicheskaya Fizika},
	Issn = {0869-5032},
	Journal = {Prikl. Mekh. Tekhn. Fiz.},
	Mrclass = {76L05 (76E99 76W05)},
	Mrnumber = {1663879 (99i:76081)},
	Number = {2},
	Pages = {29--39},
	Title = {On the stability of shock waves in a continuum with bulk charge},
	Url = {http://dx.doi.org/10.1007/BF02468083},
	Volume = {39},
	Year = {1998},
	Bdsk-Url-1 = {http://dx.doi.org/10.1007/BF02468083}}

@article{MR1624964,
	Author = {Blokhin, A. M. and Merazhov, I. Z. and Trakhinin, Yu. L.},
	Coden = {MTMTAA},
	Fjournal = {Le Matematiche},
	Issn = {0373-3505},
	Journal = {Matematiche (Catania)},
	Mrclass = {76W05 (35Q35 76E25 76L05)},
	Mrnumber = {1624964 (99e:76125)},
	Mrreviewer = {V. D. Sharma},
	Number = {1},
	Pages = {87--114 (1998)},
	Title = {Investigation on stability of electrohydrodynamic shock waves},
	Volume = {52},
	Year = {1997}}

@article{MR1220256,
	Author = {Barmin, A. A. and Egorushkin, S. A.},
	Fjournal = {Advances in Mechanics. Uspekhi Mekhaniki},
	Issn = {1230-0853},
	Journal = {Adv. Mech.},
	Mrclass = {76L05 (76E99 76N15)},
	Mrnumber = {1220256 (94j:76042)},
	Mrreviewer = {Stanley A. Berger},
	Number = {1-2},
	Pages = {3--37},
	Title = {Stability of shock waves},
	Volume = {15},
	Year = {1992}}

@incollection{MR1156309,
	Author = {Blokhin, A. M. and Druzhinin, I. Yu.},
	Booktitle = {Partial differential equations ({R}ussian)},
	Mrclass = {76W05 (35Q99 76E99 76L05)},
	Mrnumber = {1156309 (93j:76066)},
	Pages = {15--32, 142},
	Publisher = {Akad. Nauk SSSR Sibirsk. Otdel., Inst. Mat., Novosibirsk},
	Title = {On the stability of a fast magnetohydrodynamic shock wave for a weak magnetic field},
	Year = {1989}}

@article{BD2,
	Author = {Blokhin, A. M. and Druzhinin, I. Yu.},
	Doi = {10.1007/BF00971749},
	Fjournal = {Akademiya Nauk SSSR. Sibirskoe Otdelenie. Sibirski\u\i\ Matematicheski\u\i\ Zhurnal},
	Issn = {0037-4474},
	Journal = {Sibirsk. Mat. Zh.},
	Mrclass = {76W05 (76E25 76L05)},
	Mrnumber = {1017605 (91e:76112)},
	Number = {4},
	Pages = {13--29, 216},
	Title = {Stability of shock waves in magnetohydrodynamics},
	Url = {http://dx.doi.org/10.1007/BF00971749},
	Volume = {30},
	Year = {1989},
	Bdsk-Url-1 = {http://dx.doi.org/10.1007/BF00971749}}

@incollection{MR1942469,
	Author = {Blokhin, Alexander and Trakhinin, Yuri},
	Booktitle = {Handbook of mathematical fluid dynamics, {V}ol. {I}},
	Doi = {10.1016/S1874-5792(02)80013-1},
	Mrclass = {76E99 (35B35 35Q35 76L05 76N15 76W05)},
	Mrnumber = {1942469 (2004i:76117)},
	Mrreviewer = {Kevin R. Zumbrun},
	Pages = {545--652},
	Publisher = {North-Holland, Amsterdam},
	Title = {Stability of strong discontinuities in fluids and {MHD}},
	Url = {http://dx.doi.org/10.1016/S1874-5792(02)80013-1},
	Year = {2002},
	Bdsk-Url-1 = {http://dx.doi.org/10.1016/S1874-5792(02)80013-1}}

@article{MR0155515,
	Author = {Erpenbeck, Jerome J.},
	Fjournal = {The Physics of Fluids},
	Issn = {0031-9171},
	Journal = {Phys. Fluids},
	Mrclass = {76.35},
	Mrnumber = {0155515 (27 \#5449)},
	Mrreviewer = {O. P. Bhutani},
	Pages = {1181--1187},
	Title = {Stability of step shocks},
	Volume = {5},
	Year = {1962}}

@misc{Da,
	Author = {Dafermos, Constantine M},
	Date-Modified = {2019-01-02 16:47:19 -0500},
	Publisher = {Springer-Verlag, Berlin,},
	Title = {Hyperbolic conservation laws in continuum physics, volume 325 of {G}rundlehren der Mathematischen Wissenschaften [{F}undamental Principles of Mathematical Sciences]},
	Year = {2010}}

@article{IEHDH,
	Author = {Imamura, James N and Ernst, Scott and Hadley, Kathryn and Dumas, William and Hickok, Christopher and Keever, Erik},
	Date-Modified = {2019-01-02 16:50:40 -0500},
	Journal = {JAXA Special Publication: The Energetic Cosmos; from Suzaku to ASTRO-H},
	Pages = {312},
	Title = {Corrugation Instabilities in Slow {MHD} Shocks},
	Year = {2010}}

@article{F,
	Author = {Filippova, O. L.},
	Doi = {10.1007/BF01056793},
	Fjournal = {Izvestiya Akademii Nauk SSSR. Mekhanika Zhidkosti i Gaza},
	Issn = {0568-5281},
	Journal = {Izv. Akad. Nauk SSSR Mekh. Zhidk. Gaza},
	Mrclass = {76W05 (76L05)},
	Mrnumber = {1168339 (93d:76076)},
	Number = {6},
	Pages = {128--136},
	Title = {Stability of plane {MHD} shock waves in an ideal gas},
	Url = {http://dx.doi.org/10.1007/BF01056793},
	Volume = {26},
	Year = {1991},
	Bdsk-Url-1 = {http://dx.doi.org/10.1007/BF01056793}}

@article{Gak,
	Author = {Gardner, C. S. and Kruskal, M. D.},
	Fjournal = {The Physics of Fluids},
	Issn = {0031-9171},
	Journal = {Phys. Fluids},
	Mrclass = {76.41},
	Mrnumber = {0170581 (30 \#819)},
	Mrreviewer = {C. K. Chu},
	Pages = {700--706},
	Title = {Stability of plane magnetohydrodynamic shocks},
	Volume = {7},
	Year = {1964}}

@article{MR1925152,
	Author = {Kasimov, Aslan R. and Stewart, D. Scott},
	Coden = {JFLSA7},
	Doi = {10.1017/S0022112002001192},
	Fjournal = {Journal of Fluid Mechanics},
	Issn = {0022-1120},
	Journal = {J. Fluid Mech.},
	Mrclass = {76N15 (76E99 76L05 76V05 80A25)},
	Mrnumber = {1925152 (2003g:76093)},
	Pages = {179--203},
	Title = {Spinning instability of gaseous detonations},
	Url = {http://dx.doi.org/10.1017/S0022112002001192},
	Volume = {466},
	Year = {2002},
	Bdsk-Url-1 = {http://dx.doi.org/10.1017/S0022112002001192}}

@inproceedings{imamura2010corrugation,
	Author = {Imamura, James N and Ernst, Scott and Hadley, Kathryn and Dumas, William and Hickok, Christopher and Keever, Erik},
	Booktitle = {The Energetic Cosmos: from Suzaku to ASTRO-H},
	Date-Modified = {2019-01-02 16:50:49 -0500},
	Pages = {312--313},
	Title = {Corrugation Instabilities in Slow {MHD} Shocks},
	Volume = {1},
	Year = {2010}}

@article{FKS,
	Author = {H. Freist{\"u}hler and F. Kleber and J. Schropp},
	Journal = {preprint, ArXiv},
	Title = {Emergence of Unstable Modes for Shock Waves in Ideal MHD},
	Year = {2015}}

@article{lessen1967stability,
	Author = {Lessen, Martin and Deshpande, Narayan V},
	Journal = {Journal of Plasma Physics},
	Number = {04},
	Pages = {463--472},
	Publisher = {Cambridge Univ Press},
	Title = {Stability of magnetohydrodynamic shock waves},
	Volume = {1},
	Year = {1967}}

@article{SE,
	Author = {Stone, James M and Edelman, Mark},
	Journal = {The Astrophysical Journal},
	Pages = {182},
	Title = {The Corrugation Instability in Slow Magnetosonic Shock Waves},
	Volume = {454},
	Year = {1995}}

@article{Y,
	Author = {Trakhinin, Yuri},
	Coden = {CMPHAY},
	Doi = {10.1007/s00220-002-0791-3},
	Fjournal = {Communications in Mathematical Physics},
	Issn = {0010-3616},
	Journal = {Comm. Math. Phys.},
	Mrclass = {76W05 (35L67 35Q35 76L05 76N15)},
	Mrnumber = {1977882 (2004b:76164)},
	Mrreviewer = {Marta Lewicka},
	Number = {1},
	Pages = {65--92},
	Title = {A complete 2{D} stability analysis of fast {MHD} shocks in an ideal gas},
	Url = {http://dx.doi.org/10.1007/s00220-002-0791-3},
	Volume = {236},
	Year = {2003},
	Bdsk-Url-1 = {http://dx.doi.org/10.1007/s00220-002-0791-3}}

@manual{sage,
	Author = {W.\thinspace{}A. Stein and others},
	Key = {Sage},
	Note = {\href{http://www.sagemath.org}{\tt http://www.sagemath.org}},
	Organization = {The Sage Development Team},
	Title = {{S}age {M}athematics {S}oftware ({V}ersion 5.4)},
	Year = {2012}}

@article{trakhinin2003complete,
	Author = {Trakhinin, Yuri},
	Journal = {Communications in mathematical physics},
	Number = {1},
	Pages = {65--92},
	Publisher = {Springer},
	Title = {A complete 2D stability analysis of fast {MHD} shocks in an ideal gas},
	Volume = {236},
	Year = {2003}}

@article{Hersh,
	Author = {Hersh, Reuben},
	Journal = {J. Math. Mech.},
	Mrclass = {35.30},
	Mrnumber = {0147790 (26 \#5304)},
	Mrreviewer = {D. E. Edmunds},
	Pages = {317--334},
	Title = {Mixed problems in several variables},
	Volume = {12},
	Year = {1963}}

@article{Humpherys2015,
	Author = {Humpherys, Jeffrey and Lytle, Joshua},
	Date-Modified = {2017-01-04 19:59:56 +0000},
	Doi = {10.1137/140975590},
	File = {:papers/Humpherys2015.pdf:PDF;:/home/blake/Dropbox/manuscripts/papers/Humpherys2015.pdf:PDF},
	Issn = {1095-7170},
	Journal = {SIAM J. Numer. Anal.},
	Month = {Jan},
	Number = {5},
	Owner = {bb},
	Pages = {2329--2346},
	Publisher = {Society for Industrial \& Applied Mathematics (SIAM)},
	Timestamp = {2016.01.21},
	Title = {Root Following in {E}vans Function Computation},
	Url = {http://dx.doi.org/10.1137/140975590},
	Volume = {53},
	Year = {2015},
	Bdsk-Url-1 = {http://dx.doi.org/10.1137/140975590}}

@article{JYZ,
	Author = {Pogan, Alin and Yao, Jinghua and Zumbrun, Kevin},
	Date-Modified = {2019-01-02 16:53:26 -0500},
	Journal = {Physica D: Nonlinear Phenomena},
	Pages = {59--79},
	Publisher = {Elsevier},
	Title = {O(2) Hopf bifurcation of viscous shock waves in a channel},
	Volume = {308},
	Year = {2015}}

@misc{BHZ2,
	Author = {Barker, Blake and Humpherys, Jeffrey and Zumbrun, Kevin},
	Title = {STABLAB: A MATLAB-based numerical library for {E}vans function computation},
	Year = {2009}}

@phdthesis{Scotternst2011nonlinear,
	Author = {Ernst, Scott},
	School = {University of Oregon},
	Title = {A nonlinear investigation of corrugation instabilities in magnetic accretion shocks},
	Year = {2011}}

@misc{BBThesis,
	Author = {Blake Barker},
	School = {Brigham Young University, Provo, Utah},
	Title = {Evans function computation},
    Note = {Master's Thesis},
	Year = {2009}}

@misc{bryn,
	Author = {Bryn Barker},
	School = {Brigham Young University, Provo, Utah},
	Title = {Stability of MHD Waves},
    Note = {Master's Thesis},
	Year = {2020}}


@misc{github-BMZ,
	author = "{Barker}, Blake and {Monteiro}, Rafael and {Zumbrun}, Kevin",
	commit = "477ec1626707c5ccf43bdd5b688be44b56ed337a",
	Note = {\href{https://github.com/rafael-a-monteiro-math/Transverse-bifurcation-of-viscous-slow-MHD-shocks}{https://github.com/rafael-a-monteiro-math/Transverse-bifurcation-of-viscous-slow-MHD-shocks}},
	journal = "GitHub repository",
	publisher = "GitHub",
	title = "{Transverse-bifurcation-of-viscous-slow-MHD-shocks}",
	year = "2019"
}


